@Book{Horngren2012,
  author    = {Horngren, Charles T.},
  publisher = {Pearson Educación},
  title     = {Contabilidad de costos},
  year      = {2012},
  isbn      = {978-607-32-1024-9},
  groups    = {Book},
  pages     = {669},
  subtitle  = {un enfoque gerencial},
}
@Book{Eduardo,
  author    = {Bendersky Eduardo},
  publisher = {Editorial de Las Ciencias},
  title     = {{ABC-ABM Gestion de Costos por Actividades}},
  isbn      = {987-20200-0-0},
  groups    = {Book},
}
@Book{Mario2008,
  author = {Campero Mario and Alarcon Luis Fernando},
  title  = {{Administraci{\'o}n de Proyectos Civiles}},
  year   = {2008},
  isbn   = {978-607-438-881-7},
  groups = {Book},
}
@Book{Gido2013,
  author = {Gido, Jack and Clements, James P.},
  editor = {Cengage Learning M{\'e}xico},
  title  = {Administraci{\'o}n exitosa de proyectos},
  year   = {2013},
  isbn   = {978-607-481-854-3},
  groups = {Book},
  url    = {https://worldcat.org/title/1128438586},
}
@Book{RamosSalazar2015,
  author  = {Ramos Salazar, Jesus},
  editor  = {Editorial Macro},
  title   = {Costos y presupuestos en edificaciones},
  year    = {2015},
  address = {Av. Paseo de la Rep{\'u}blica N.° 5613, Miraflores, Lima, Per{\'u}},
  edition = {Primera},
  isbn    = {978-612-304-282-0},
  eprint  = {Empresa Editora Macro EIRL},
  groups  = {Book},
}

@Book{EyzaguirreAcosta2018,
  author  = {Eyzaguirre Acosta, Carlos Augusto},
  editor  = {Editorial Macro},
  title   = {{Costos y Presupuestos para Edificaciones}},
  year    = {2018},
  address = {Av. Paseo de la Rep{\'u}blica N.° 5613, Miraflores, Lima, Per{\'u}},
  isbn    = {978-612-304-562-3},
  month   = sep,
  eprint  = {Empresa Editora Macro EIRL},
  groups  = {Book},
}

@Book{ArboledaVelez2001,
  author    = {Arboleda V{\'e}lez, German},
  editor    = {AC},
  publisher = {A. C.},
  title     = {Proyectos:formulación, evaluación y control},
  year      = {2001},
  address   = {Carrera 36 No. 5B4-17 San Fernando, Cali, Colombia},
  edition   = {VII},
  isbn      = {978-958-96485-0-6},
  month     = oct,
  groups    = {Book},
  url       = {https://isbn.cloud/9789589648506/proyectos-formulacion-evaluacion-y-control/},
}

@Book{Wallace2014,
  author  = {Wallace, William and Roberts, Alexander},
  editor  = {Edinburgh Business School},
  title   = {{Gesti{\'o}n de Proyectos}},
  year    = {2014},
  address = {Heriot-Watt University Edimburgo EH14 4AS Reino Unido},
  edition = {IV},
  groups  = {Book},
}
@Book{PMI2021,
  author  = {{Project Management Institute}},
  editor  = {PMI},
  title   = {{Guía PMBOK}},
  year    = {2021},
  address = {14 Campus Boulevard Newtown Square, Pennsylvania 19073-3299 USA},
  edition = {VII},
  isbn    = {978-1-62825-719-9},
  groups  = {Book},
  url     = {https://www.pmi.org/pmbok-guide-standards/foundational/pmbok?sc_camp=D750AAC10C2F4378CE6D51F8D987F49D},
}

@Book{Lledo2008,
  author    = {Lledo, Pablo},
  publisher = {Pearson Educacion},
  title     = {{Gestion de Proyectos}},
  year      = {2008},
  address   = {Av. Regimiento de Patricios 1959 (C1266AAF) Buenos Aires, Rep. Argentina},
  edition   = {I},
  isbn      = {9789871147984},
  month     = feb,
  eprint    = {PEARSON EDUCATION S.A},
  groups    = {Book},
}

@Book{HernandezSampieri2014,
  author    = {Hern{\'a}ndez Sampieri, Roberto and Fern{\'a}ndez Collado, Carlos and Baptista Lucio, Mar{\'ia} del Pilar},
  editor    = {Mc Graw Hill},
  publisher = {McGraw Hill Education},
  title     = {Metodología de la investigación. - 6. edición},
  year      = {2014},
  address   = {Prolongación Paseo de la Reforma 1015, Torre APiso 17, Colonia Desarrollo Santa Fe,Delegación Álvaro Obregón},
  edition   = {VI},
  isbn      = {9781456223960},
  month     = apr,
  eprint    = {McGRAW-HILL / INTERAMERICANA EDITORES, S.A. DE C.V},
  groups    = {Book},
  pages     = {600},
}

@Book{Gray2009,
  author    = {Gray, Clifford F. and Larson, Erik W.},
  publisher = {McGraw-Hill},
  title     = {Administración de proyectos},
  year      = {2009},
  address   = {Prolongación Paseo de la Reforma 1015, Torre A,Piso 17, Col. Desarrollo Santa Fe, México, D. F},
  edition   = {IV},
  isbn      = {9789701072356},
  groups    = {Book},
  pages     = {550},
}

@Book{Horngren2012,
  author    = {Horngren, Charles T.},
  publisher = {Pearson Educación},
  title     = {Contabilidad de costos},
  year      = {2012},
  isbn      = {9786073210249},
  groups    = {Book},
  pages     = {669},
  subtitle  = {un enfoque gerencial},
}
