@Standard{MDT2023,
  institution  = {{Municipalidad Distrital de Tamburco}},
  organization = {Gobierno Local},
  title        = {{Ordenanza municipal que aprueba el reglamento de organización y funciones (ROF) de la Municipalidad Distrital de Tamburco}},
  address      = {Plaza de Armas S/N},
  author       = {{Municipalidad Distrital de Tamburco}},
  howpublished = {Online},
  language     = {spanish},
  month        = aug,
  number       = {012},
  url          = {https://www.gob.pe/institucion/munitamburco/normas-legales/4644844-012-2023-mdt},
  year         = {2023},
}
@Standard{MDT2023c,
  institution  = {Municipalidad Distrital de Tamburco},
  organization = {Gobierno Local},
  title        = {{Solicitud de aprobación mediante acto resolutivo de la ficha técnica de la actividad Mantenimiento integral de la infraestructura del Palacio Municipal del Distrito de Tamburco – Abancay - Apurímac}},
  address      = {Plaza de Armas S/N},
  author       = {{Municipalidad Distrital de Tamburco}},
  howpublished = {Impreso},
  language     = {spanish},
  month        = mar,
  number       = {226},
  year         = {2023},
  groups       = {Informes},
}

@Comment{jabref-meta: databaseType:bibtex;}
