@Misc{MDT2023,
  author       = {{Municipalidad Distrital de Tamburco}},
  howpublished = {Impreso},
  month        = jul,
  title        = {{Mantenimiento de pistas en la intersección de la av. Tamburco con la av. Coronel Gonzales (km: 794+25-795+57) y la intersección de la av. Tamburco con la av. Prolongación Nuñez (km: 763+31-763+52) del Distrito de Tamburco, Abancay, Apurímac}},
  year         = {2023},
  groups       = {Exedientes tecnicos},
}

@Misc{MDT2023a,
  author       = {{Municipalidad Distrital de Tamburco}},
  howpublished = {Impreso},
  month        = feb,
  title        = {{Mantenimiento integral de la infraestructura del Palacio Municipal del Distrito de Tamburco – Abancay – Apurímac}},
  year         = {2023},
  groups       = {Exedientes tecnicos},
}

@Electronic{MDT2023b,
  address      = {Plaza de Armas S/N},
  author       = {{Municipalidad Distrital de Tamburco}},
  howpublished = {Online},
  language     = {spanish},
  month        = jan,
  title        = {{Organigrama estructural}},
  url          = {https://s3.amazonaws.com/documentos.api.gob.pe/ldmzcpu8usq4ijyxclipwkcyswwe?response-content-disposition=inline; filename="organigramaMDT.pdf"; filename*=UTF-8''organigramaMDT.pdf&response-content-type=application/pdf&X-Amz-Algorithm=AWS4-HMAC-SHA256&X-Amz-Credential=AKIAJREKOSPKMJFYJDAQ/20231011/us-east-1/s3/aws4_request&X-Amz-Date=20231011T152057Z&X-Amz-Expires=300&X-Amz-SignedHeaders=host&X-Amz-Signature=2691f7dfd9c2d2850155308061b99b78094393a959bedf61dde67ace97aff2a9},
  year         = {2023},
  groups       = {Exedientes tecnicos},
}

@Misc{SNAAT2023,
  author       = {{Superintendencia Nacional de Aduanas y de Administración Tributaria}},
  howpublished = {Online},
  month        = feb,
  title        = {Consultas SUNAT},
  year         = {2023},
  url          = {https://e-consultaruc.sunat.gob.pe/cl-ti-itmrconsruc/jcrS00Alias},
}



@Comment{jabref-meta: databaseType:bibtex;}

@Comment{jabref-meta: grouping:
0 AllEntriesGroup:;
1 StaticGroup:Videos\;0\;1\;0xff0000ff\;MDI_AIRPLAY\;Diferentes tipos de videos\;;
1 StaticGroup:Exedientes tecnicos\;0\;1\;0x0000ffff\;MDI_ACCOUNT_SETTINGS_VARIANT\;\;;
}
