@Manual{MTC2018,
  title   = {{Manual de Carreteras:Diseño Geometrico}},
  address = {Jirón Zorritos 1203, Lima 15404},
  author  = {{Ministerio de Transportes y Comunicaciones}},
  month   = jan,
  year    = {2018},
  groups  = {Normas peruanas, MTC},
  url     = {https://portal.mtc.gob.pe/transportes/caminos/normas_carreteras/manuales.html},
}

@Manual{MEF2022,
  title   = {{Guía General para la Identificación, Formulación y Evaluación de Proyectos de Inversión}},
  address = {Jirón Junín 319, Lima 15001},
  author  = {{Ministerio de Econom{\'i}a y Finanzas}},
  edition = {III},
  month   = dec,
  year    = {2022},
  groups  = {Invierte.pe},
  url     = {https://www.mef.gob.pe/contenidos/inv_publica/docs/Metodologias_Generales_PI/GUIA_EX_ANTE_InviertePe.pdf},
}

@Standard{CongresoRepublica2003,
  institution  = {Poder Legislativo},
  organization = {República del Perú},
  title        = {{Ley Org{\'a}nica de Municipalidades}},
  author       = {{Congreso de la Rep{\'u}blica}},
  howpublished = {Online},
  language     = {spanish},
  month        = may,
  number       = {27972},
  url          = {https://www.gob.pe/institucion/mef/normas-legales/229447-27972},
  year         = {2003},
  groups       = {Administración Pública},
}

@Standard{CongresoRepublica2022,
  institution  = {Poder Legislativo},
  organization = {Rep{\'u}blica del Perú},
  title        = {{Ley de Presupuesto del Sector P{\'u}blico para el año Fiscal 2023}},
  address      = {Jirón Junín 670, Lima 15001},
  author       = {{Congreso de la Rep{\'u}blica}},
  howpublished = {Online},
  language     = {spanish},
  month        = dec,
  number       = {31638},
  url          = {https://busquedas.elperuano.pe/dispositivo/NL/2132248-1},
  year         = {2022},
  groups       = {Administración Pública},
}

@Standard{MVCS2010,
  institution  = {Poder Ejecutivo},
  organization = {{R}ep{\'u}blica del {P}er{\'u}},
  title        = {{Metrados para Obras de Edificaci{\'o}n y Habilitaciones Urbanas}},
  address      = {Av. República de Panamá 3650 Lima - Lima - San Isidro - Perú},
  author       = {{Ministerio de Vivienda Construcci{\'o}n y Saneamiento}},
  howpublished = {Online},
  language     = {spanish},
  month        = may,
  number       = {073},
  url          = {https://www3.vivienda.gob.pe/dnc/archivos/Estudios_Normalizacion/Normalizacion/normas/norma_metrados.pdf},
  year         = {2010},
  groups       = {Norma Tecnica},
}

@Manual{MTC2013,
  title        = {{Manual de Carreteras :Especificaciones T{\'e}cnicas Generales para la Construcci{\'o}n}},
  address      = {Jr. Zorritos n.° 1203 Lima - Lima - Lima - Perú},
  author       = {{{M}inisterio de {T}ransportes y {C}omunicaciones}},
  edition      = {I},
  month        = jun,
  organization = {{R}ep{\'u}blica del {P}er{\'u}},
  year         = {2013},
  groups       = {MTC},
  
}

@Standard{MDT2023c,
  institution  = {Municipalidad Distrital de Tamburco},
  organization = {Gobierno Local},
  title        = {{Solicitud de aprobación mediante acto resolutivo de la ficha técnica de la actividad Mantenimiento integral de la infraestructura del Palacio Municipal del Distrito de Tamburco – Abancay - Apurímac}},
  address      = {Plaza de Armas S/N},
  author       = {{Municipalidad Distrital de Tamburco}},
  howpublished = {Impreso},
  language     = {spanish},
  month        = mar,
  number       = {226},
  year         = {2023},
  groups       = {Informes},
}
@Standard{MDT2023d,
  institution  = {Gobierno Local},
  organization = {{Municipalidad Distrital de Tamburco}},
  title        = {{Solicitud de aprobación mediante acto resolutivo de la ficha técnica de la actividad “Mantenimiento de la losa deportiva Señor de Exaltacion del Distrito de Tamburco – Abancay – Apurímac”}},
  address      = {Plaza dde armas S/N},
  author       = {{Municipalidad Distrital de Tamburco}},
  howpublished = {Impreso},
  language     = {spanish},
  month        = mar,
  number       = {230},
  year         = {2023},
  groups       = {Solicitudes},
}
@Comment{jabref-meta: databaseType:bibtex;}

@Comment{jabref-meta: grouping:
0 AllEntriesGroup:;
1 StaticGroup:AASHTO\;0\;1\;0x8a8a8aff\;ALPHABET_AUREBESH\;\;;
1 StaticGroup:ACI\;0\;1\;0xb3b34dff\;BOOK_COG_OUTLINE\;American Concrete Institute\;;
1 StaticGroup:LRFD\;0\;1\;0xe6804dff\;BUS_ARTICULATED_FRONT\;Diseño por Factores de Carga y Resistencia\;;
1 StaticGroup:Normas peruanas\;0\;1\;0xffff00ff\;ADOBE_ACROBAT\;\;;
2 StaticGroup:Administración Pública\;0\;1\;0x99cc99ff\;ACCOUNT_SWITCH\;Ley de Administración Pública en General\;;
2 StaticGroup:Arquitectura\;0\;1\;0xff00ffff\;BANK_MINUS\;Solo normas de arquitectura\;;
2 StaticGroup:BIM\;0\;1\;0xffff4dff\;DATABASE\;Building Information Modeling\;;
2 StaticGroup:Contraloria\;0\;1\;0xccffffff\;ACCOUNT_HARD_HAT\;Contraloría General de la República\;;
2 StaticGroup:EM\;0\;1\;0x0000ffff\;PATIO_HEATER\;Electro Mecánicas\;;
2 StaticGroup:Invierte.pe\;0\;1\;0x994d66ff\;CHART_HISTOGRAM\;Sistema Nacional de Programación Multianual y Gestion de Inversiones \;;
2 StaticGroup:IS\;0\;1\;0x6680e6ff\;BEAKER_CHECK\;Instalaciones Sanitarias\;;
2 StaticGroup:MTC\;0\;0\;0x1a4d4dff\;CAR_ESTATE\;Ministerio de Transportes y Comunicaciones\;;
2 StaticGroup:Norma Tecnica\;0\;1\;0x8a8a8aff\;COG_OUTLINE\;\;;
2 StaticGroup:NTP\;0\;1\;0x800080ff\;AIR_FILTER\;Norma Técnica Peruana\;;
2 StaticGroup:OSCE\;0\;1\;0x99b3ffff\;ACCOUNT_TIE\;Organismo Supervisor de las Contrataciones del Estado \;;
2 StaticGroup:RNE\;0\;1\;0x990000ff\;ACCOUNT_COG\;Reglamento Nacional de edificaciones\;;
}
